<?xml version="1.0" encoding="UTF-8"?><collection xmlns="http://www.loc.gov/MARC21/slim"><record><leader>00515nam--2200169-i-4500</leader><controlfield tag="001">000037759</controlfield><controlfield tag="002">20161230</controlfield><controlfield tag="005">20170107170027</controlfield><controlfield tag="008">060222s1000------------r-----000-0-eng-d</controlfield><datafield ind1=" " ind2=" " tag="040"><subfield code="a">IFIN-HH</subfield></datafield><datafield ind1=" " ind2=" " tag="080"><subfield code="a">539.122:539.1.083</subfield></datafield><datafield ind1="1" ind2=" " tag="100"><subfield code="a">Quittner, P©Łl</subfield></datafield><datafield ind1="1" ind2="0" tag="245"><subfield code="a">Gamma-ray spectroscopy with particular references to detector and computer evaluation techniques</subfield><subfield code="c">P. Quittner</subfield></datafield><datafield ind1=" " ind2=" " tag="260"><subfield code="a">Budapest</subfield><subfield code="b">Akad©♭miai Kiad©đ</subfield><subfield code="c">1972</subfield></datafield><datafield ind1=" " ind2=" " tag="300"><subfield code="a">109 p</subfield></datafield><datafield ind1=" " ind2=" " tag="852"><subfield code="a">39301</subfield><subfield code="c">539.1.07:539.1.08</subfield></datafield><datafield ind1=" " ind2=" " tag="CAT"><subfield code="a">SYS</subfield><subfield code="c">20170107</subfield><subfield code="h">170027</subfield></datafield></record></collection>